%YAML 1.1
%TAG !u! tag:unity3d.com,2011:
--- !u!1 &105102
GameObject:
  m_ObjectHideFlags: 1
  m_PrefabParentObject: {fileID: 0}
  m_PrefabInternal: {fileID: 100100000}
  serializedVersion: 4
  m_Component:
  - 4: {fileID: 407890}
  m_Layer: 0
  m_Name: Mon01_Bip001 R Clavicle
  m_TagString: Untagged
  m_Icon: {fileID: 0}
  m_NavMeshLayer: 0
  m_StaticEditorFlags: 0
  m_IsActive: 1
--- !u!1 &106484
GameObject:
  m_ObjectHideFlags: 1
  m_PrefabParentObject: {fileID: 0}
  m_PrefabInternal: {fileID: 100100000}
  serializedVersion: 4
  m_Component:
  - 4: {fileID: 470492}
  m_Layer: 0
  m_Name: Mon01_Bip001 L Finger0
  m_TagString: Untagged
  m_Icon: {fileID: 0}
  m_NavMeshLayer: 0
  m_StaticEditorFlags: 0
  m_IsActive: 1
--- !u!1 &106586
GameObject:
  m_ObjectHideFlags: 1
  m_PrefabParentObject: {fileID: 0}
  m_PrefabInternal: {fileID: 100100000}
  serializedVersion: 4
  m_Component:
  - 4: {fileID: 405584}
  m_Layer: 0
  m_Name: Mon01_Bip001 L Toe0Nub
  m_TagString: Untagged
  m_Icon: {fileID: 0}
  m_NavMeshLayer: 0
  m_StaticEditorFlags: 0
  m_IsActive: 1
--- !u!1 &108530
GameObject:
  m_ObjectHideFlags: 1
  m_PrefabParentObject: {fileID: 0}
  m_PrefabInternal: {fileID: 100100000}
  serializedVersion: 4
  m_Component:
  - 4: {fileID: 480506}
  m_Layer: 0
  m_Name: Mon01_Bip001 R Finger0
  m_TagString: Untagged
  m_Icon: {fileID: 0}
  m_NavMeshLayer: 0
  m_StaticEditorFlags: 0
  m_IsActive: 1
--- !u!1 &108654
GameObject:
  m_ObjectHideFlags: 1
  m_PrefabParentObject: {fileID: 0}
  m_PrefabInternal: {fileID: 100100000}
  serializedVersion: 4
  m_Component:
  - 4: {fileID: 476774}
  m_Layer: 0
  m_Name: Mon01_Bip001 L Finger0Nub
  m_TagString: Untagged
  m_Icon: {fileID: 0}
  m_NavMeshLayer: 0
  m_StaticEditorFlags: 0
  m_IsActive: 1
--- !u!1 &110726
GameObject:
  m_ObjectHideFlags: 1
  m_PrefabParentObject: {fileID: 0}
  m_PrefabInternal: {fileID: 100100000}
  serializedVersion: 4
  m_Component:
  - 4: {fileID: 454040}
  m_Layer: 0
  m_Name: Mon01_Bip001 L Hand
  m_TagString: Untagged
  m_Icon: {fileID: 0}
  m_NavMeshLayer: 0
  m_StaticEditorFlags: 0
  m_IsActive: 1
--- !u!1 &111214
GameObject:
  m_ObjectHideFlags: 1
  m_PrefabParentObject: {fileID: 0}
  m_PrefabInternal: {fileID: 100100000}
  serializedVersion: 4
  m_Component:
  - 4: {fileID: 455094}
  m_Layer: 0
  m_Name: Mon01_Bip001 HeadNub
  m_TagString: Untagged
  m_Icon: {fileID: 0}
  m_NavMeshLayer: 0
  m_StaticEditorFlags: 0
  m_IsActive: 1
--- !u!1 &120910
GameObject:
  m_ObjectHideFlags: 1
  m_PrefabParentObject: {fileID: 0}
  m_PrefabInternal: {fileID: 100100000}
  serializedVersion: 4
  m_Component:
  - 4: {fileID: 485766}
  m_Layer: 0
  m_Name: Mon01_Bip001 L Thigh
  m_TagString: Untagged
  m_Icon: {fileID: 0}
  m_NavMeshLayer: 0
  m_StaticEditorFlags: 0
  m_IsActive: 1
--- !u!1 &121936
GameObject:
  m_ObjectHideFlags: 1
  m_PrefabParentObject: {fileID: 0}
  m_PrefabInternal: {fileID: 100100000}
  serializedVersion: 4
  m_Component:
  - 4: {fileID: 420258}
  m_Layer: 0
  m_Name: Mon01_Bip001 L Forearm
  m_TagString: Untagged
  m_Icon: {fileID: 0}
  m_NavMeshLayer: 0
  m_StaticEditorFlags: 0
  m_IsActive: 1
--- !u!1 &125156
GameObject:
  m_ObjectHideFlags: 0
  m_PrefabParentObject: {fileID: 0}
  m_PrefabInternal: {fileID: 100100000}
  serializedVersion: 4
  m_Component:
  - 4: {fileID: 468604}
  - 95: {fileID: 9581092}
  - 195: {fileID: 19523652}
  - 114: {fileID: 11451240}
  m_Layer: 0
  m_Name: WildPig
  m_TagString: Untagged
  m_Icon: {fileID: 0}
  m_NavMeshLayer: 0
  m_StaticEditorFlags: 0
  m_IsActive: 1
--- !u!1 &127682
GameObject:
  m_ObjectHideFlags: 0
  m_PrefabParentObject: {fileID: 0}
  m_PrefabInternal: {fileID: 100100000}
  serializedVersion: 4
  m_Component:
  - 4: {fileID: 439318}
  - 137: {fileID: 13734632}
  m_Layer: 0
  m_Name: Mon01
  m_TagString: Untagged
  m_Icon: {fileID: 0}
  m_NavMeshLayer: 0
  m_StaticEditorFlags: 0
  m_IsActive: 1
--- !u!1 &130322
GameObject:
  m_ObjectHideFlags: 1
  m_PrefabParentObject: {fileID: 0}
  m_PrefabInternal: {fileID: 100100000}
  serializedVersion: 4
  m_Component:
  - 4: {fileID: 422788}
  m_Layer: 0
  m_Name: Mon01_Bip001 Spine
  m_TagString: Untagged
  m_Icon: {fileID: 0}
  m_NavMeshLayer: 0
  m_StaticEditorFlags: 0
  m_IsActive: 1
--- !u!1 &131468
GameObject:
  m_ObjectHideFlags: 1
  m_PrefabParentObject: {fileID: 0}
  m_PrefabInternal: {fileID: 100100000}
  serializedVersion: 4
  m_Component:
  - 4: {fileID: 426276}
  m_Layer: 0
  m_Name: Mon01_Bip001 Head
  m_TagString: Untagged
  m_Icon: {fileID: 0}
  m_NavMeshLayer: 0
  m_StaticEditorFlags: 0
  m_IsActive: 1
--- !u!1 &131704
GameObject:
  m_ObjectHideFlags: 1
  m_PrefabParentObject: {fileID: 0}
  m_PrefabInternal: {fileID: 100100000}
  serializedVersion: 4
  m_Component:
  - 4: {fileID: 401912}
  m_Layer: 0
  m_Name: Mon01_Bip001 R Toe0Nub
  m_TagString: Untagged
  m_Icon: {fileID: 0}
  m_NavMeshLayer: 0
  m_StaticEditorFlags: 0
  m_IsActive: 1
--- !u!1 &132016
GameObject:
  m_ObjectHideFlags: 1
  m_PrefabParentObject: {fileID: 0}
  m_PrefabInternal: {fileID: 100100000}
  serializedVersion: 4
  m_Component:
  - 4: {fileID: 495164}
  m_Layer: 0
  m_Name: Mon01_Bip001 R Calf
  m_TagString: Untagged
  m_Icon: {fileID: 0}
  m_NavMeshLayer: 0
  m_StaticEditorFlags: 0
  m_IsActive: 1
--- !u!1 &142100
GameObject:
  m_ObjectHideFlags: 1
  m_PrefabParentObject: {fileID: 0}
  m_PrefabInternal: {fileID: 100100000}
  serializedVersion: 4
  m_Component:
  - 4: {fileID: 484224}
  m_Layer: 0
  m_Name: Mon01_Bip001 L Foot
  m_TagString: Untagged
  m_Icon: {fileID: 0}
  m_NavMeshLayer: 0
  m_StaticEditorFlags: 0
  m_IsActive: 1
--- !u!1 &143378
GameObject:
  m_ObjectHideFlags: 1
  m_PrefabParentObject: {fileID: 0}
  m_PrefabInternal: {fileID: 100100000}
  serializedVersion: 4
  m_Component:
  - 4: {fileID: 423722}
  m_Layer: 0
  m_Name: Mon01_R_ear
  m_TagString: Untagged
  m_Icon: {fileID: 0}
  m_NavMeshLayer: 0
  m_StaticEditorFlags: 0
  m_IsActive: 1
--- !u!1 &143700
GameObject:
  m_ObjectHideFlags: 1
  m_PrefabParentObject: {fileID: 0}
  m_PrefabInternal: {fileID: 100100000}
  serializedVersion: 4
  m_Component:
  - 4: {fileID: 411456}
  m_Layer: 0
  m_Name: Mon01_Bip001 R UpperArm
  m_TagString: Untagged
  m_Icon: {fileID: 0}
  m_NavMeshLayer: 0
  m_StaticEditorFlags: 0
  m_IsActive: 1
--- !u!1 &144840
GameObject:
  m_ObjectHideFlags: 1
  m_PrefabParentObject: {fileID: 0}
  m_PrefabInternal: {fileID: 100100000}
  serializedVersion: 4
  m_Component:
  - 4: {fileID: 452964}
  m_Layer: 0
  m_Name: Mon01_Bip001 R Foot
  m_TagString: Untagged
  m_Icon: {fileID: 0}
  m_NavMeshLayer: 0
  m_StaticEditorFlags: 0
  m_IsActive: 1
--- !u!1 &145000
GameObject:
  m_ObjectHideFlags: 1
  m_PrefabParentObject: {fileID: 0}
  m_PrefabInternal: {fileID: 100100000}
  serializedVersion: 4
  m_Component:
  - 4: {fileID: 400778}
  m_Layer: 0
  m_Name: Mon01_Bip001 L Toe0
  m_TagString: Untagged
  m_Icon: {fileID: 0}
  m_NavMeshLayer: 0
  m_StaticEditorFlags: 0
  m_IsActive: 1
--- !u!1 &146762
GameObject:
  m_ObjectHideFlags: 1
  m_PrefabParentObject: {fileID: 0}
  m_PrefabInternal: {fileID: 100100000}
  serializedVersion: 4
  m_Component:
  - 4: {fileID: 431632}
  m_Layer: 0
  m_Name: Mon01_Bip001 Pelvis
  m_TagString: Untagged
  m_Icon: {fileID: 0}
  m_NavMeshLayer: 0
  m_StaticEditorFlags: 0
  m_IsActive: 1
--- !u!1 &147710
GameObject:
  m_ObjectHideFlags: 1
  m_PrefabParentObject: {fileID: 0}
  m_PrefabInternal: {fileID: 100100000}
  serializedVersion: 4
  m_Component:
  - 4: {fileID: 438132}
  m_Layer: 0
  m_Name: Mon01_Bip001 L UpperArm
  m_TagString: Untagged
  m_Icon: {fileID: 0}
  m_NavMeshLayer: 0
  m_StaticEditorFlags: 0
  m_IsActive: 1
--- !u!1 &151658
GameObject:
  m_ObjectHideFlags: 1
  m_PrefabParentObject: {fileID: 0}
  m_PrefabInternal: {fileID: 100100000}
  serializedVersion: 4
  m_Component:
  - 4: {fileID: 413742}
  m_Layer: 0
  m_Name: Mon01_Bip001 R Forearm
  m_TagString: Untagged
  m_Icon: {fileID: 0}
  m_NavMeshLayer: 0
  m_StaticEditorFlags: 0
  m_IsActive: 1
--- !u!1 &152506
GameObject:
  m_ObjectHideFlags: 1
  m_PrefabParentObject: {fileID: 0}
  m_PrefabInternal: {fileID: 100100000}
  serializedVersion: 4
  m_Component:
  - 4: {fileID: 406832}
  m_Layer: 0
  m_Name: Mon01_Bip001 R Finger0Nub
  m_TagString: Untagged
  m_Icon: {fileID: 0}
  m_NavMeshLayer: 0
  m_StaticEditorFlags: 0
  m_IsActive: 1
--- !u!1 &156936
GameObject:
  m_ObjectHideFlags: 1
  m_PrefabParentObject: {fileID: 0}
  m_PrefabInternal: {fileID: 100100000}
  serializedVersion: 4
  m_Component:
  - 4: {fileID: 406034}
  m_Layer: 0
  m_Name: Mon01_Bip001 R Toe0
  m_TagString: Untagged
  m_Icon: {fileID: 0}
  m_NavMeshLayer: 0
  m_StaticEditorFlags: 0
  m_IsActive: 1
--- !u!1 &159338
GameObject:
  m_ObjectHideFlags: 1
  m_PrefabParentObject: {fileID: 0}
  m_PrefabInternal: {fileID: 100100000}
  serializedVersion: 4
  m_Component:
  - 4: {fileID: 467406}
  m_Layer: 0
  m_Name: Mon01_Bip001 R Hand
  m_TagString: Untagged
  m_Icon: {fileID: 0}
  m_NavMeshLayer: 0
  m_StaticEditorFlags: 0
  m_IsActive: 1
--- !u!1 &159692
GameObject:
  m_ObjectHideFlags: 0
  m_PrefabParentObject: {fileID: 0}
  m_PrefabInternal: {fileID: 100100000}
  serializedVersion: 4
  m_Component:
  - 4: {fileID: 464314}
  m_Layer: 0
  m_Name: Mon01_Bip001
  m_TagString: Untagged
  m_Icon: {fileID: 0}
  m_NavMeshLayer: 0
  m_StaticEditorFlags: 0
  m_IsActive: 1
--- !u!1 &161362
GameObject:
  m_ObjectHideFlags: 1
  m_PrefabParentObject: {fileID: 0}
  m_PrefabInternal: {fileID: 100100000}
  serializedVersion: 4
  m_Component:
  - 4: {fileID: 445320}
  m_Layer: 0
  m_Name: Mon01_L_eye
  m_TagString: Untagged
  m_Icon: {fileID: 0}
  m_NavMeshLayer: 0
  m_StaticEditorFlags: 0
  m_IsActive: 1
--- !u!1 &162906
GameObject:
  m_ObjectHideFlags: 1
  m_PrefabParentObject: {fileID: 0}
  m_PrefabInternal: {fileID: 100100000}
  serializedVersion: 4
  m_Component:
  - 4: {fileID: 406254}
  m_Layer: 0
  m_Name: Mon01_Jaw
  m_TagString: Untagged
  m_Icon: {fileID: 0}
  m_NavMeshLayer: 0
  m_StaticEditorFlags: 0
  m_IsActive: 1
--- !u!1 &168758
GameObject:
  m_ObjectHideFlags: 1
  m_PrefabParentObject: {fileID: 0}
  m_PrefabInternal: {fileID: 100100000}
  serializedVersion: 4
  m_Component:
  - 4: {fileID: 413046}
  m_Layer: 0
  m_Name: Mon01_L_ear
  m_TagString: Untagged
  m_Icon: {fileID: 0}
  m_NavMeshLayer: 0
  m_StaticEditorFlags: 0
  m_IsActive: 1
--- !u!1 &171952
GameObject:
  m_ObjectHideFlags: 1
  m_PrefabParentObject: {fileID: 0}
  m_PrefabInternal: {fileID: 100100000}
  serializedVersion: 4
  m_Component:
  - 4: {fileID: 497172}
  m_Layer: 0
  m_Name: Mon01_Bip001 Tail2
  m_TagString: Untagged
  m_Icon: {fileID: 0}
  m_NavMeshLayer: 0
  m_StaticEditorFlags: 0
  m_IsActive: 1
--- !u!1 &174830
GameObject:
  m_ObjectHideFlags: 1
  m_PrefabParentObject: {fileID: 0}
  m_PrefabInternal: {fileID: 100100000}
  serializedVersion: 4
  m_Component:
  - 4: {fileID: 488828}
  m_Layer: 0
  m_Name: Mon01_Bip001 R Thigh
  m_TagString: Untagged
  m_Icon: {fileID: 0}
  m_NavMeshLayer: 0
  m_StaticEditorFlags: 0
  m_IsActive: 1
--- !u!1 &175550
GameObject:
  m_ObjectHideFlags: 1
  m_PrefabParentObject: {fileID: 0}
  m_PrefabInternal: {fileID: 100100000}
  serializedVersion: 4
  m_Component:
  - 4: {fileID: 488826}
  m_Layer: 0
  m_Name: Mon01_R_eye
  m_TagString: Untagged
  m_Icon: {fileID: 0}
  m_NavMeshLayer: 0
  m_StaticEditorFlags: 0
  m_IsActive: 1
--- !u!1 &179222
GameObject:
  m_ObjectHideFlags: 1
  m_PrefabParentObject: {fileID: 0}
  m_PrefabInternal: {fileID: 100100000}
  serializedVersion: 4
  m_Component:
  - 4: {fileID: 436220}
  m_Layer: 0
  m_Name: Mon01_Bip001 Neck
  m_TagString: Untagged
  m_Icon: {fileID: 0}
  m_NavMeshLayer: 0
  m_StaticEditorFlags: 0
  m_IsActive: 1
--- !u!1 &179448
GameObject:
  m_ObjectHideFlags: 1
  m_PrefabParentObject: {fileID: 0}
  m_PrefabInternal: {fileID: 100100000}
  serializedVersion: 4
  m_Component:
  - 4: {fileID: 485796}
  m_Layer: 0
  m_Name: Mon01_Bip001 L Calf
  m_TagString: Untagged
  m_Icon: {fileID: 0}
  m_NavMeshLayer: 0
  m_StaticEditorFlags: 0
  m_IsActive: 1
--- !u!1 &179480
GameObject:
  m_ObjectHideFlags: 1
  m_PrefabParentObject: {fileID: 0}
  m_PrefabInternal: {fileID: 100100000}
  serializedVersion: 4
  m_Component:
  - 4: {fileID: 471480}
  m_Layer: 0
  m_Name: Mon01_Bip001 TailNub
  m_TagString: Untagged
  m_Icon: {fileID: 0}
  m_NavMeshLayer: 0
  m_StaticEditorFlags: 0
  m_IsActive: 1
--- !u!1 &184930
GameObject:
  m_ObjectHideFlags: 1
  m_PrefabParentObject: {fileID: 0}
  m_PrefabInternal: {fileID: 100100000}
  serializedVersion: 4
  m_Component:
  - 4: {fileID: 407572}
  m_Layer: 0
  m_Name: Mon01_Bip001 Tail
  m_TagString: Untagged
  m_Icon: {fileID: 0}
  m_NavMeshLayer: 0
  m_StaticEditorFlags: 0
  m_IsActive: 1
--- !u!1 &186866
GameObject:
  m_ObjectHideFlags: 1
  m_PrefabParentObject: {fileID: 0}
  m_PrefabInternal: {fileID: 100100000}
  serializedVersion: 4
  m_Component:
  - 4: {fileID: 408990}
  m_Layer: 0
  m_Name: Mon01_Bip001 Tail1
  m_TagString: Untagged
  m_Icon: {fileID: 0}
  m_NavMeshLayer: 0
  m_StaticEditorFlags: 0
  m_IsActive: 1
--- !u!1 &190874
GameObject:
  m_ObjectHideFlags: 1
  m_PrefabParentObject: {fileID: 0}
  m_PrefabInternal: {fileID: 100100000}
  serializedVersion: 4
  m_Component:
  - 4: {fileID: 483634}
  m_Layer: 0
  m_Name: Mon01_Bip001 L Clavicle
  m_TagString: Untagged
  m_Icon: {fileID: 0}
  m_NavMeshLayer: 0
  m_StaticEditorFlags: 0
  m_IsActive: 1
--- !u!1 &194550
GameObject:
  m_ObjectHideFlags: 1
  m_PrefabParentObject: {fileID: 0}
  m_PrefabInternal: {fileID: 100100000}
  serializedVersion: 4
  m_Component:
  - 4: {fileID: 459000}
  m_Layer: 0
  m_Name: Mon01_Bip001 Footsteps
  m_TagString: Untagged
  m_Icon: {fileID: 0}
  m_NavMeshLayer: 0
  m_StaticEditorFlags: 0
  m_IsActive: 1
--- !u!4 &400778
Transform:
  m_ObjectHideFlags: 1
  m_PrefabParentObject: {fileID: 0}
  m_PrefabInternal: {fileID: 100100000}
  m_GameObject: {fileID: 145000}
  m_LocalRotation: {x: -0.00000001545431, y: 0.00000001545431, z: -0.7071068, w: 0.7071068}
  m_LocalPosition: {x: -0.10185714, y: 0.13108575, z: 0}
  m_LocalScale: {x: 0.99999994, y: 1, z: 0.99999994}
  m_Children:
  - {fileID: 405584}
  m_Father: {fileID: 484224}
  m_RootOrder: 0
--- !u!4 &401912
Transform:
  m_ObjectHideFlags: 1
  m_PrefabParentObject: {fileID: 0}
  m_PrefabInternal: {fileID: 100100000}
  m_GameObject: {fileID: 131704}
  m_LocalRotation: {x: 1.697027e-30, y: -9.553413e-16, z: 1.776357e-15, w: 1}
  m_LocalPosition: {x: -0.013285719, y: 0, z: 0}
  m_LocalScale: {x: 0.99999994, y: 1, z: 0.99999994}
  m_Children: []
  m_Father: {fileID: 406034}
  m_RootOrder: 0
--- !u!4 &405584
Transform:
  m_ObjectHideFlags: 1
  m_PrefabParentObject: {fileID: 0}
  m_PrefabInternal: {fileID: 100100000}
  m_GameObject: {fileID: 106586}
  m_LocalRotation: {x: -9.553413e-16, y: -1.7555246e-30, z: 1, w: -1.8375893e-15}
  m_LocalPosition: {x: -0.022490615, y: -1.937151e-10, z: -0.000000049591065}
  m_LocalScale: {x: -0.99999994, y: -1, z: -0.99999994}
  m_Children: []
  m_Father: {fileID: 400778}
  m_RootOrder: 0
--- !u!4 &406034
Transform:
  m_ObjectHideFlags: 1
  m_PrefabParentObject: {fileID: 0}
  m_PrefabInternal: {fileID: 100100000}
  m_GameObject: {fileID: 156936}
  m_LocalRotation: {x: -0.00000001545431, y: 0.00000001545431, z: -0.7071068, w: 0.7071068}
  m_LocalPosition: {x: -0.10185714, y: 0.13108572, z: 0}
  m_LocalScale: {x: 0.99999994, y: 1, z: 0.99999994}
  m_Children:
  - {fileID: 401912}
  m_Father: {fileID: 452964}
  m_RootOrder: 0
--- !u!4 &406254
Transform:
  m_ObjectHideFlags: 1
  m_PrefabParentObject: {fileID: 0}
  m_PrefabInternal: {fileID: 100100000}
  m_GameObject: {fileID: 162906}
  m_LocalRotation: {x: -0.001085633, y: -0.0024587652, z: -0.73163354, w: 0.68169284}
  m_LocalPosition: {x: 0.10912355, y: -0.27012235, z: 0.004197735}
  m_LocalScale: {x: 1.214091, y: 6.14463, z: 1.0000001}
  m_Children: []
  m_Father: {fileID: 426276}
  m_RootOrder: 1
--- !u!4 &406832
Transform:
  m_ObjectHideFlags: 1
  m_PrefabParentObject: {fileID: 0}
  m_PrefabInternal: {fileID: 100100000}
  m_GameObject: {fileID: 152506}
  m_LocalRotation: {x: 2.1100278e-10, y: 4.656613e-10, z: 1, w: -4.6566134e-10}
  m_LocalPosition: {x: -0.027678559, y: 0.000000006198883, z: -0.000000024795533}
  m_LocalScale: {x: -0.99999994, y: -1, z: -1}
  m_Children: []
  m_Father: {fileID: 480506}
  m_RootOrder: 0
--- !u!4 &407572
Transform:
  m_ObjectHideFlags: 1
  m_PrefabParentObject: {fileID: 0}
  m_PrefabInternal: {fileID: 100100000}
  m_GameObject: {fileID: 184930}
  m_LocalRotation: {x: -0.0000007519833, y: -0.0000034417276, z: 0.999584, w: -0.028840601}
  m_LocalPosition: {x: 0.41627306, y: -0.035974003, z: 0.0000018249525}
  m_LocalScale: {x: 1.0000001, y: 1.0000001, z: 1}
  m_Children:
  - {fileID: 408990}
  m_Father: {fileID: 422788}
  m_RootOrder: 3
--- !u!4 &407890
Transform:
  m_ObjectHideFlags: 1
  m_PrefabParentObject: {fileID: 0}
  m_PrefabInternal: {fileID: 100100000}
  m_GameObject: {fileID: 105102}
  m_LocalRotation: {x: 0.6715958, y: -0.22126679, z: 0.6714195, w: -0.22180152}
  m_LocalPosition: {x: -0.003546282, y: 0.19682847, z: -0.38435328}
  m_LocalScale: {x: 1.0000001, y: 1, z: 1.0000001}
  m_Children:
  - {fileID: 411456}
  m_Father: {fileID: 436220}
  m_RootOrder: 2
--- !u!4 &408990
Transform:
  m_ObjectHideFlags: 1
  m_PrefabParentObject: {fileID: 0}
  m_PrefabInternal: {fileID: 100100000}
  m_GameObject: {fileID: 186866}
  m_LocalRotation: {x: 5.2128555e-15, y: 0.000000058934603, z: -0.021248395, w: 0.9997742}
  m_LocalPosition: {x: -0.21822305, y: -0.00024160767, z: -6.702467e-10}
  m_LocalScale: {x: 1, y: 1, z: 1}
  m_Children:
  - {fileID: 497172}
  m_Father: {fileID: 407572}
  m_RootOrder: 0
--- !u!4 &411456
Transform:
  m_ObjectHideFlags: 1
  m_PrefabParentObject: {fileID: 0}
  m_PrefabInternal: {fileID: 100100000}
  m_GameObject: {fileID: 143700}
  m_LocalRotation: {x: 0.601235, y: 0.37715125, z: 0.29892975, w: 0.6378984}
  m_LocalPosition: {x: -0.1406959, y: 0, z: -0.000000024795533}
  m_LocalScale: {x: 1.0000001, y: 0.99999994, z: 1}
  m_Children:
  - {fileID: 413742}
  m_Father: {fileID: 407890}
  m_RootOrder: 0
--- !u!4 &413046
Transform:
  m_ObjectHideFlags: 1
  m_PrefabParentObject: {fileID: 0}
  m_PrefabInternal: {fileID: 100100000}
  m_GameObject: {fileID: 168758}
  m_LocalRotation: {x: -0.7063291, y: 0.033145227, z: 0.033144332, w: 0.70633006}
  m_LocalPosition: {x: -0.5247247, y: -0.3915734, z: 0.37575114}
  m_LocalScale: {x: 2.435576, y: 4.2315755, z: 3.0965884}
  m_Children: []
  m_Father: {fileID: 426276}
  m_RootOrder: 2
--- !u!4 &413742
Transform:
  m_ObjectHideFlags: 1
  m_PrefabParentObject: {fileID: 0}
  m_PrefabInternal: {fileID: 100100000}
  m_GameObject: {fileID: 151658}
  m_LocalRotation: {x: 6.6135936e-10, y: 0.000000003782559, z: 0.071822025, w: 0.99741745}
  m_LocalPosition: {x: -0.19721189, y: 0, z: 0}
  m_LocalScale: {x: 1, y: 1.0000002, z: 1}
  m_Children:
  - {fileID: 467406}
  m_Father: {fileID: 411456}
  m_RootOrder: 0
--- !u!4 &420258
Transform:
  m_ObjectHideFlags: 1
  m_PrefabParentObject: {fileID: 0}
  m_PrefabInternal: {fileID: 100100000}
  m_GameObject: {fileID: 121936}
  m_LocalRotation: {x: -3.1301545e-10, y: -0.0000000037574757, z: 0.071822025, w: 0.99741745}
  m_LocalPosition: {x: -0.19721185, y: -0.0000000371933, z: 0}
  m_LocalScale: {x: 0.99999994, y: 1.0000001, z: 1}
  m_Children:
  - {fileID: 454040}
  m_Father: {fileID: 438132}
  m_RootOrder: 0
--- !u!4 &422788
Transform:
  m_ObjectHideFlags: 1
  m_PrefabParentObject: {fileID: 0}
  m_PrefabInternal: {fileID: 100100000}
  m_GameObject: {fileID: 130322}
  m_LocalRotation: {x: -0.0000019450638, y: 0.000001987023, z: -0.7023411, w: 0.71184057}
  m_LocalPosition: {x: -0.2772924, y: 0.1267814, z: -0.00000092583065}
  m_LocalScale: {x: 1, y: 1, z: 0.99999994}
  m_Children:
  - {fileID: 485766}
  - {fileID: 436220}
  - {fileID: 488828}
  - {fileID: 407572}
  m_Father: {fileID: 431632}
  m_RootOrder: 0
--- !u!4 &423722
Transform:
  m_ObjectHideFlags: 1
  m_PrefabParentObject: {fileID: 0}
  m_PrefabInternal: {fileID: 100100000}
  m_GameObject: {fileID: 143378}
  m_LocalRotation: {x: 0.033145484, y: 0.70633, z: -0.70632905, w: 0.033144403}
  m_LocalPosition: {x: -0.52472484, y: -0.39157236, z: -0.37644085}
  m_LocalScale: {x: -2.4355762, y: -4.231575, z: -3.0965886}
  m_Children: []
  m_Father: {fileID: 426276}
  m_RootOrder: 4
--- !u!4 &426276
Transform:
  m_ObjectHideFlags: 1
  m_PrefabParentObject: {fileID: 0}
  m_PrefabInternal: {fileID: 100100000}
  m_GameObject: {fileID: 131468}
  m_LocalRotation: {x: 0.00000009975882, y: -0.0000026953799, z: 0.61063254, w: 0.7919141}
  m_LocalPosition: {x: -0.2802153, y: 0.002872017, z: -0.0000008942203}
  m_LocalScale: {x: 1.0000001, y: 1.0000001, z: 1}
  m_Children:
  - {fileID: 455094}
  - {fileID: 406254}
  - {fileID: 413046}
  - {fileID: 445320}
  - {fileID: 423722}
  - {fileID: 488826}
  m_Father: {fileID: 436220}
  m_RootOrder: 0
--- !u!4 &431632
Transform:
  m_ObjectHideFlags: 1
  m_PrefabParentObject: {fileID: 0}
  m_PrefabInternal: {fileID: 100100000}
  m_GameObject: {fileID: 146762}
  m_LocalRotation: {x: -0.49999964, y: 0.50000036, z: 0.49999964, w: 0.50000036}
  m_LocalPosition: {x: 0, y: 0, z: 0}
  m_LocalScale: {x: 1, y: 0.99999994, z: 0.99999994}
  m_Children:
  - {fileID: 422788}
  m_Father: {fileID: 464314}
  m_RootOrder: 1
--- !u!4 &436220
Transform:
  m_ObjectHideFlags: 1
  m_PrefabParentObject: {fileID: 0}
  m_PrefabInternal: {fileID: 100100000}
  m_GameObject: {fileID: 179222}
  m_LocalRotation: {x: 0, y: -1.0302868e-13, z: -0, w: 1}
  m_LocalPosition: {x: -0.37967432, y: -0.000052913667, z: -1.4679973e-10}
  m_LocalScale: {x: 1.0000001, y: 1.0000001, z: 1}
  m_Children:
  - {fileID: 426276}
  - {fileID: 483634}
  - {fileID: 407890}
  m_Father: {fileID: 422788}
  m_RootOrder: 1
--- !u!4 &438132
Transform:
  m_ObjectHideFlags: 1
  m_PrefabParentObject: {fileID: 0}
  m_PrefabInternal: {fileID: 100100000}
  m_GameObject: {fileID: 147710}
  m_LocalRotation: {x: -0.6012346, y: -0.37714997, z: 0.2989292, w: 0.6378998}
  m_LocalPosition: {x: -0.14069583, y: 0, z: 0}
  m_LocalScale: {x: 1.0000001, y: 0.99999994, z: 1.0000001}
  m_Children:
  - {fileID: 420258}
  m_Father: {fileID: 483634}
  m_RootOrder: 0
--- !u!4 &439318
Transform:
  m_ObjectHideFlags: 1
  m_PrefabParentObject: {fileID: 0}
  m_PrefabInternal: {fileID: 100100000}
  m_GameObject: {fileID: 127682}
  m_LocalRotation: {x: -0.7071068, y: 0, z: -0, w: 0.7071068}
  m_LocalPosition: {x: -0, y: -0.01131748, z: -4.947028e-10}
  m_LocalScale: {x: 1, y: 1, z: 1}
  m_Children: []
  m_Father: {fileID: 468604}
  m_RootOrder: 0
--- !u!4 &445320
Transform:
  m_ObjectHideFlags: 1
  m_PrefabParentObject: {fileID: 0}
  m_PrefabInternal: {fileID: 100100000}
  m_GameObject: {fileID: 161362}
  m_LocalRotation: {x: -0.6015004, y: 0.3717481, z: 0.37174794, w: 0.6015015}
  m_LocalPosition: {x: -0.31693748, y: -0.14513145, z: -0.00000009918213}
  m_LocalScale: {x: 1.9355831, y: 3.0262406, z: 5.1844707}
  m_Children: []
  m_Father: {fileID: 426276}
  m_RootOrder: 3
--- !u!4 &452964
Transform:
  m_ObjectHideFlags: 1
  m_PrefabParentObject: {fileID: 0}
  m_PrefabInternal: {fileID: 100100000}
  m_GameObject: {fileID: 144840}
  m_LocalRotation: {x: -0.022174893, y: -0.0017208727, z: -0.34989655, w: 0.9365243}
  m_LocalPosition: {x: -0.129027, y: 0.000000024795533, z: 0}
  m_LocalScale: {x: 0.99999994, y: 1.0000001, z: 0.99999994}
  m_Children:
  - {fileID: 406034}
  m_Father: {fileID: 495164}
  m_RootOrder: 0
--- !u!4 &454040
Transform:
  m_ObjectHideFlags: 1
  m_PrefabParentObject: {fileID: 0}
  m_PrefabInternal: {fileID: 100100000}
  m_GameObject: {fileID: 110726}
  m_LocalRotation: {x: -0.06519293, y: 0.10658457, z: 0.689437, w: 0.7134889}
  m_LocalPosition: {x: -0.17554957, y: 0.000000024795533, z: 0}
  m_LocalScale: {x: 1.0000001, y: 0.99999994, z: 0.99999994}
  m_Children:
  - {fileID: 470492}
  m_Father: {fileID: 420258}
  m_RootOrder: 0
--- !u!4 &455094
Transform:
  m_ObjectHideFlags: 1
  m_PrefabParentObject: {fileID: 0}
  m_PrefabInternal: {fileID: 100100000}
  m_GameObject: {fileID: 111214}
  m_LocalRotation: {x: -7.8159694e-14, y: 2.8421706e-14, z: 2.2214317e-27, w: 1}
  m_LocalPosition: {x: -0.71347785, y: -0.000000024795533, z: 0}
  m_LocalScale: {x: 1.0000001, y: 1.0000001, z: 1}
  m_Children: []
  m_Father: {fileID: 426276}
  m_RootOrder: 0
--- !u!4 &459000
Transform:
  m_ObjectHideFlags: 1
  m_PrefabParentObject: {fileID: 0}
  m_PrefabInternal: {fileID: 100100000}
  m_GameObject: {fileID: 194550}
  m_LocalRotation: {x: 0, y: 0, z: -0.7071063, w: 0.70710725}
  m_LocalPosition: {x: -0, y: 0, z: -0.44221276}
  m_LocalScale: {x: 1, y: 1, z: 1}
  m_Children: []
  m_Father: {fileID: 464314}
  m_RootOrder: 0
--- !u!4 &464314
Transform:
  m_ObjectHideFlags: 1
  m_PrefabParentObject: {fileID: 0}
  m_PrefabInternal: {fileID: 100100000}
  m_GameObject: {fileID: 159692}
  m_LocalRotation: {x: -0.50000036, y: 0.49999964, z: 0.49999964, w: 0.50000036}
  m_LocalPosition: {x: 0, y: 0.4397241, z: -0.25970975}
  m_LocalScale: {x: 0.99999994, y: 0.99999994, z: 1}
  m_Children:
  - {fileID: 459000}
  - {fileID: 431632}
  m_Father: {fileID: 468604}
  m_RootOrder: 1
--- !u!4 &467406
Transform:
  m_ObjectHideFlags: 1
  m_PrefabParentObject: {fileID: 0}
  m_PrefabInternal: {fileID: 100100000}
  m_GameObject: {fileID: 159338}
  m_LocalRotation: {x: 0.06519294, y: -0.10658457, z: 0.689437, w: 0.7134889}
  m_LocalPosition: {x: -0.1755496, y: 0.000000024795533, z: 0.000000049591065}
  m_LocalScale: {x: 1.0000001, y: 1, z: 1}
  m_Children:
  - {fileID: 480506}
  m_Father: {fileID: 413742}
  m_RootOrder: 0
--- !u!4 &468604
Transform:
  m_ObjectHideFlags: 1
  m_PrefabParentObject: {fileID: 0}
  m_PrefabInternal: {fileID: 100100000}
  m_GameObject: {fileID: 125156}
  m_LocalRotation: {x: 0, y: 0, z: 0, w: 1}
  m_LocalPosition: {x: 0, y: 0, z: 0}
  m_LocalScale: {x: 1, y: 1, z: 1}
  m_Children:
  - {fileID: 439318}
  - {fileID: 464314}
  m_Father: {fileID: 0}
  m_RootOrder: 0
--- !u!4 &470492
Transform:
  m_ObjectHideFlags: 1
  m_PrefabParentObject: {fileID: 0}
  m_PrefabInternal: {fileID: 100100000}
  m_GameObject: {fileID: 106484}
  m_LocalRotation: {x: -0.00039815862, y: -0.0000000047000834, z: -4.6753273e-10,
    w: 0.99999994}
  m_LocalPosition: {x: -0.11071431, y: -0.000000006198883, z: 0.000000024795533}
  m_LocalScale: {x: 0.9999999, y: 0.99999994, z: 0.99999994}
  m_Children:
  - {fileID: 476774}
  m_Father: {fileID: 454040}
  m_RootOrder: 0
--- !u!4 &471480
Transform:
  m_ObjectHideFlags: 1
  m_PrefabParentObject: {fileID: 0}
  m_PrefabInternal: {fileID: 100100000}
  m_GameObject: {fileID: 179480}
  m_LocalRotation: {x: 0.7073882, y: -0.7068252, z: -0.0000009802252, w: -0.0000009810061}
  m_LocalPosition: {x: -0.30376193, y: 0, z: -3.783498e-13}
  m_LocalScale: {x: 1, y: 1, z: 1}
  m_Children: []
  m_Father: {fileID: 497172}
  m_RootOrder: 0
--- !u!4 &476774
Transform:
  m_ObjectHideFlags: 1
  m_PrefabParentObject: {fileID: 0}
  m_PrefabInternal: {fileID: 100100000}
  m_GameObject: {fileID: 108654}
  m_LocalRotation: {x: 4.6566123e-10, y: -2.3646862e-10, z: 1.1011427e-19, w: 1}
  m_LocalPosition: {x: -0.027678559, y: 0.000000006198883, z: 0}
  m_LocalScale: {x: 1, y: 1.0000001, z: 1}
  m_Children: []
  m_Father: {fileID: 470492}
  m_RootOrder: 0
--- !u!4 &480506
Transform:
  m_ObjectHideFlags: 1
  m_PrefabParentObject: {fileID: 0}
  m_PrefabInternal: {fileID: 100100000}
  m_GameObject: {fileID: 108530}
  m_LocalRotation: {x: 0.00039815812, y: 0.00000000467135, z: 4.6380141e-10, w: 0.99999994}
  m_LocalPosition: {x: -0.11071431, y: -0.000000006198883, z: 0}
  m_LocalScale: {x: 0.99999994, y: 1, z: 1}
  m_Children:
  - {fileID: 406832}
  m_Father: {fileID: 467406}
  m_RootOrder: 0
--- !u!4 &483634
Transform:
  m_ObjectHideFlags: 1
  m_PrefabParentObject: {fileID: 0}
  m_PrefabInternal: {fileID: 100100000}
  m_GameObject: {fileID: 190874}
  m_LocalRotation: {x: 0.67159647, y: -0.22126491, z: -0.6714201, w: 0.22179964}
  m_LocalPosition: {x: -0.003546257, y: 0.19682634, z: 0.3843544}
  m_LocalScale: {x: 1.0000001, y: 1, z: 1.0000001}
  m_Children:
  - {fileID: 438132}
  m_Father: {fileID: 436220}
  m_RootOrder: 1
--- !u!4 &484224
Transform:
  m_ObjectHideFlags: 1
  m_PrefabParentObject: {fileID: 0}
  m_PrefabInternal: {fileID: 100100000}
  m_GameObject: {fileID: 142100}
  m_LocalRotation: {x: 0.02217483, y: 0.0017208686, z: -0.34989655, w: 0.9365243}
  m_LocalPosition: {x: -0.129027, y: 0, z: 0}
  m_LocalScale: {x: 0.99999994, y: 1, z: 0.99999994}
  m_Children:
  - {fileID: 400778}
  m_Father: {fileID: 485796}
  m_RootOrder: 0
--- !u!4 &485766
Transform:
  m_ObjectHideFlags: 1
  m_PrefabParentObject: {fileID: 0}
  m_PrefabInternal: {fileID: 100100000}
  m_GameObject: {fileID: 120910}
  m_LocalRotation: {x: 0.749454, y: -0.66168267, z: -0.021407584, w: 0.0060342136}
  m_LocalPosition: {x: 0.13049445, y: 0.27556244, z: 0.43520817}
  m_LocalScale: {x: 1.0000001, y: 1, z: 1.0000002}
  m_Children:
  - {fileID: 485796}
  m_Father: {fileID: 422788}
  m_RootOrder: 0
--- !u!4 &485796
Transform:
  m_ObjectHideFlags: 1
  m_PrefabParentObject: {fileID: 0}
  m_PrefabInternal: {fileID: 100100000}
  m_GameObject: {fileID: 179448}
  m_LocalRotation: {x: -0.0000000026588278, y: 0.0000000013494774, z: 0.41358602,
    w: 0.91046506}
  m_LocalPosition: {x: -0.24529871, y: 0.000000012397766, z: 0}
  m_LocalScale: {x: 1.0000001, y: 1.0000001, z: 1.0000001}
  m_Children:
  - {fileID: 484224}
  m_Father: {fileID: 485766}
  m_RootOrder: 0
--- !u!4 &488826
Transform:
  m_ObjectHideFlags: 1
  m_PrefabParentObject: {fileID: 0}
  m_PrefabInternal: {fileID: 100100000}
  m_GameObject: {fileID: 175550}
  m_LocalRotation: {x: 0.37174863, y: 0.6015012, z: -0.6015007, w: 0.3717474}
  m_LocalPosition: {x: -0.31693748, y: -0.14513145, z: -0.00000009918213}
  m_LocalScale: {x: -1.9355834, y: -3.026241, z: -5.1844707}
  m_Children: []
  m_Father: {fileID: 426276}
  m_RootOrder: 5
--- !u!4 &488828
Transform:
  m_ObjectHideFlags: 1
  m_PrefabParentObject: {fileID: 0}
  m_PrefabInternal: {fileID: 100100000}
  m_GameObject: {fileID: 174830}
  m_LocalRotation: {x: 0.74945396, y: -0.6616828, z: 0.021405952, w: -0.006038282}
  m_LocalPosition: {x: 0.13049574, y: 0.27556604, z: -0.4352032}
  m_LocalScale: {x: 1.0000001, y: 1, z: 1.0000001}
  m_Children:
  - {fileID: 495164}
  m_Father: {fileID: 422788}
  m_RootOrder: 2
--- !u!4 &495164
Transform:
  m_ObjectHideFlags: 1
  m_PrefabParentObject: {fileID: 0}
  m_PrefabInternal: {fileID: 100100000}
  m_GameObject: {fileID: 132016}
  m_LocalRotation: {x: -5.777729e-10, y: 0.0000000012719047, z: 0.41358602, w: 0.91046506}
  m_LocalPosition: {x: -0.24529873, y: -0.0000000371933, z: 0.000000049591065}
  m_LocalScale: {x: 1.0000002, y: 1.0000002, z: 1.0000001}
  m_Children:
  - {fileID: 452964}
  m_Father: {fileID: 488828}
  m_RootOrder: 0
--- !u!4 &497172
Transform:
  m_ObjectHideFlags: 1
  m_PrefabParentObject: {fileID: 0}
  m_PrefabInternal: {fileID: 100100000}
  m_GameObject: {fileID: 171952}
  m_LocalRotation: {x: 4.9452816e-15, y: 0.000000058934585, z: -0.021248396, w: 0.9997742}
  m_LocalPosition: {x: -0.3037722, y: -0.00024165727, z: -6.702467e-10}
  m_LocalScale: {x: 1, y: 1, z: 1}
  m_Children:
  - {fileID: 471480}
  m_Father: {fileID: 408990}
  m_RootOrder: 0
--- !u!95 &9581092
Animator:
  serializedVersion: 3
  m_ObjectHideFlags: 1
  m_PrefabParentObject: {fileID: 0}
  m_PrefabInternal: {fileID: 100100000}
  m_GameObject: {fileID: 125156}
  m_Enabled: 1
  m_Avatar: {fileID: 9000000, guid: e7f49ad8e77eb204c8e7583eed5c5992, type: 3}
  m_Controller: {fileID: 0}
  m_CullingMode: 1
  m_UpdateMode: 0
  m_ApplyRootMotion: 0
  m_LinearVelocityBlending: 0
  m_WarningMessage: 
  m_HasTransformHierarchy: 1
  m_AllowConstantClipSamplingOptimization: 1
--- !u!114 &11451240
MonoBehaviour:
  m_ObjectHideFlags: 1
  m_PrefabParentObject: {fileID: 0}
  m_PrefabInternal: {fileID: 100100000}
  m_GameObject: {fileID: 125156}
  m_Enabled: 1
  m_EditorHideFlags: 0
  m_Script: {fileID: 11500000, guid: 49c4aa06cd711ca429e42be5dfaf3640, type: 3}
  m_Name: 
  m_EditorClassIdentifier: 
  targetPoint: {fileID: 0}
--- !u!137 &13734632
SkinnedMeshRenderer:
  m_ObjectHideFlags: 1
  m_PrefabParentObject: {fileID: 0}
  m_PrefabInternal: {fileID: 100100000}
  m_GameObject: {fileID: 127682}
  m_Enabled: 1
  m_CastShadows: 1
  m_ReceiveShadows: 1
  m_Materials:
  - {fileID: 2100000, guid: 848d685ef629a5e498cb324eb895e24b, type: 2}
  m_SubsetIndices: 
  m_StaticBatchRoot: {fileID: 0}
  m_UseLightProbes: 1
  m_ReflectionProbeUsage: 1
  m_ProbeAnchor: {fileID: 0}
  m_ScaleInLightmap: 1
  m_PreserveUVs: 0
  m_IgnoreNormalsForChartDetection: 0
  m_ImportantGI: 0
  m_MinimumChartSize: 4
  m_AutoUVMaxDistance: 0.5
  m_AutoUVMaxAngle: 89
  m_LightmapParameters: {fileID: 0}
  m_SortingLayerID: 0
  m_SortingOrder: 0
  serializedVersion: 2
  m_Quality: 0
  m_UpdateWhenOffscreen: 0
  m_Mesh: {fileID: 4300000, guid: e7f49ad8e77eb204c8e7583eed5c5992, type: 3}
  m_Bones:
  - {fileID: 431632}
  - {fileID: 488828}
  - {fileID: 426276}
  - {fileID: 407572}
  - {fileID: 408990}
  - {fileID: 406254}
  - {fileID: 407890}
  - {fileID: 411456}
  - {fileID: 413742}
  - {fileID: 467406}
  - {fileID: 422788}
  - {fileID: 423722}
  - {fileID: 488826}
  - {fileID: 445320}
  - {fileID: 495164}
  - {fileID: 452964}
  - {fileID: 485766}
  - {fileID: 483634}
  - {fileID: 438132}
  - {fileID: 420258}
  - {fileID: 454040}
  - {fileID: 413046}
  - {fileID: 485796}
  - {fileID: 484224}
  - {fileID: 497172}
  m_BlendShapeWeights: []
  m_RootBone: {fileID: 431632}
  m_AABB:
    m_Center: {x: -0.345558, y: 0.1542154, z: -0.0000011026859}
    m_Extent: {x: 0.82547003, y: 1.2454066, z: 0.74213827}
  m_DirtyAABB: 0
--- !u!195 &19523652
NavMeshAgent:
  m_ObjectHideFlags: 1
  m_PrefabParentObject: {fileID: 0}
  m_PrefabInternal: {fileID: 100100000}
  m_GameObject: {fileID: 125156}
  m_Enabled: 1
  m_Radius: 0.5
  m_Speed: 3.5
  m_Acceleration: 8
  avoidancePriority: 50
  m_AngularSpeed: 120
  m_StoppingDistance: 0
  m_AutoTraverseOffMeshLink: 1
  m_AutoBraking: 1
  m_AutoRepath: 1
  m_Height: 2
  m_BaseOffset: 0
  m_WalkableMask: 4294967295
  m_ObstacleAvoidanceType: 4
--- !u!1001 &100100000
Prefab:
  m_ObjectHideFlags: 1
  serializedVersion: 2
  m_Modification:
    m_TransformParent: {fileID: 0}
    m_Modifications: []
    m_RemovedComponents: []
  m_ParentPrefab: {fileID: 0}
  m_RootGameObject: {fileID: 125156}
  m_IsPrefabParent: 1
